

@book{MorettinBussab2005,
title   = {Estatística básica},
author = {Morettin, Pedro Alberto and Bussab, Wilton de Oliveira},
year = {2004},
publisher = {Saraiva}
}